<record><leader>00000cas a2200000 a 4500</leader><controlfield tag="001">8917393</controlfield><controlfield tag="008">821103c19819999miudn ne      0   a0eng c</controlfield><controlfield tag="009">467</controlfield><datafield ind1=" " ind2=" " tag="010"><subfield code="a">sn 82007635 </subfield></datafield><datafield ind1=" " ind2=" " tag="040"><subfield code="a">NSD</subfield><subfield code="b">eng</subfield><subfield code="c">NSD</subfield><subfield code="d">MHN</subfield><subfield code="d">OCL</subfield><subfield code="d">OCLCQ</subfield><subfield code="d">OCLCF</subfield><subfield code="d">OCLCO</subfield></datafield><datafield ind1=" " ind2=" " tag="012"><subfield code="m">1</subfield></datafield><datafield ind1="1" ind2=" " tag="022"><subfield code="a">0745-2128</subfield><subfield code="l">0745-2128</subfield><subfield code="2">1</subfield></datafield><datafield ind1="1" ind2=" " tag="029"><subfield code="a">AU@</subfield><subfield code="b">000025805512</subfield></datafield><datafield ind1=" " ind2=" " tag="032"><subfield code="a">268500</subfield><subfield code="b">USPS</subfield></datafield><datafield ind1=" " ind2=" " tag="042"><subfield code="a">nsdp</subfield><subfield code="a">pcc</subfield></datafield><datafield ind1=" " ind2="0" tag="222"><subfield code="a">Sentinel-standard</subfield></datafield><datafield ind1="0" ind2="0" tag="245"><subfield code="a">Sentinel-standard.</subfield></datafield><datafield ind1="3" ind2=" " tag="246"><subfield code="a">Sentinel standard</subfield></datafield><datafield ind1="1" ind2="3" tag="246"><subfield code="a">Ionia sentinel-standard</subfield></datafield><datafield ind1=" " ind2=" " tag="260"><subfield code="a">Ionia, Mich. :</subfield><subfield code="b">James Huckle</subfield></datafield><datafield ind1=" " ind2=" " tag="310"><subfield code="a">Daily (except Sunday and holidays)</subfield></datafield><datafield ind1="0" ind2=" " tag="362"><subfield code="a">Mar. 18, 1981-</subfield></datafield><datafield ind1=" " ind2=" " tag="500"><subfield code="a">Issue called: Sesquicentennial 83 ed., Apr. 22, 1983.</subfield></datafield><datafield ind1=" " ind2="0" tag="651"><subfield code="a">Ionia (Mich.)</subfield><subfield code="v">Newspapers.</subfield></datafield><datafield ind1=" " ind2="0" tag="651"><subfield code="a">Ionia County (Mich.)</subfield><subfield code="v">Newspapers.</subfield></datafield><datafield ind1=" " ind2="7" tag="655"><subfield code="a">Newspapers.</subfield><subfield code="2">fast</subfield><subfield code="0">(OCoLC)fst01423814</subfield></datafield><datafield ind1=" " ind2="7" tag="651"><subfield code="a">Michigan</subfield><subfield code="z">Ionia.</subfield><subfield code="2">fast</subfield><subfield code="0">(OCoLC)fst01219759</subfield></datafield><datafield ind1=" " ind2="7" tag="651"><subfield code="a">Michigan</subfield><subfield code="z">Ionia County.</subfield><subfield code="2">fast</subfield><subfield code="0">(OCoLC)fst01214778</subfield></datafield><datafield ind1=" " ind2=" " tag="752"><subfield code="a">United States</subfield><subfield code="b">Michigan</subfield><subfield code="c">Ionia</subfield><subfield code="d">Ionia.</subfield></datafield><datafield ind1="0" ind2="0" tag="780"><subfield code="t">Ionia sentinel-standard</subfield><subfield code="w">(DLC)sn 96077061</subfield><subfield code="w">(OCoLC)35564774</subfield></datafield><datafield ind1=" " ind2=" " tag="936"><subfield code="a">Oct. 28, 1982</subfield></datafield></record>